<?xml version="1.0" encoding="UTF-8"?>
<record xmlns="http://www.loc.gov/MARC21/slim" xmlns:xsi="http://www.w3.org/2001/XMLSchema-instance" xsi:schemaLocation="http://www.loc.gov/MARC21/slim http://www.loc.gov/standards/marcxml/schema/MARC21slim.xsd">
<leader>00000cam a22      a 4500</leader>
<controlfield tag="001">001976552</controlfield>
<controlfield tag="003">NNU</controlfield>
<controlfield tag="005">20150611170239.0</controlfield>
<controlfield tag="008">911115s1954    ua       b    001 0 arard</controlfield>
<datafield tag="035" ind1=" " ind2=" ">
<subfield code="a">(OCoLC)34093772</subfield>
<subfield code="z">(OCoLC)21268855</subfield>
</datafield>
<datafield tag="040" ind1=" " ind2=" ">
<subfield code="a">MNU</subfield>
<subfield code="b">eng</subfield>
<subfield code="c">MNU</subfield>
<subfield code="d">IXA</subfield>
<subfield code="d">OCL</subfield>
<subfield code="d">OCLCQ</subfield>
<subfield code="d">OCLCO</subfield>
<subfield code="d">OCLCQ</subfield>
<subfield code="d">OCLCF</subfield>
<subfield code="d">OCLCO</subfield>
<subfield code="d">NNU</subfield>
</datafield>
<datafield tag="041" ind1="0" ind2=" ">
<subfield code="a">arafre</subfield>
</datafield>
<datafield tag="050" ind1=" " ind2="4">
<subfield code="a">BP189</subfield>
<subfield code="b">.L28 1954</subfield>
</datafield>
<datafield tag="100" ind1="0" ind2=" ">
<subfield code="6">880-01</subfield>
<subfield code="a">ʻAbd al-Muʻṭī ibn Maḥmūd ibn ʻAbd ʻAlī al-Lakhmī al-Iskandarānī,</subfield>
<subfield code="d">active 13th century.</subfield>
</datafield>
<datafield tag="245" ind1="1" ind2="0">
<subfield code="6">880-02</subfield>
<subfield code="a">Sharḥ Manāzil al-sāʼirīn /</subfield>
<subfield code="c">li-Sadīd al-Dīn Abī Muḥammad ʻAbd al-Muʻṭī ibn Abī al-Thanāʼ Maḥmūd ibn ʻAbd al-Muʻṭī al-Lakhmī al-Iskandarī ; ḥaqqaqahu wa-qaddama la-hu S. dī Lawjīyah dī Būrakī.</subfield>
</datafield>
<datafield tag="246" ind1="3" ind2=" ">
<subfield code="a">Commentaire du Livre des étapes</subfield>
</datafield>
<datafield tag="260" ind1=" " ind2=" ">
<subfield code="6">880-03</subfield>
<subfield code="a">al-Qāhirah :</subfield>
<subfield code="b">al-Maʻhad al-ʻIlmī al-Faransī lil-Āthār al-Sharqīyah,</subfield>
<subfield code="c">1954.</subfield>
</datafield>
<datafield tag="300" ind1=" " ind2=" ">
<subfield code="a">12, 230, 37 pages ;</subfield>
<subfield code="c">25 cm.</subfield>
</datafield>
<datafield tag="336" ind1=" " ind2=" ">
<subfield code="a">text</subfield>
<subfield code="b">txt</subfield>
<subfield code="2">rdacontent</subfield>
</datafield>
<datafield tag="337" ind1=" " ind2=" ">
<subfield code="a">unmediated</subfield>
<subfield code="b">n</subfield>
<subfield code="2">rdamedia</subfield>
</datafield>
<datafield tag="338" ind1=" " ind2=" ">
<subfield code="a">volume</subfield>
<subfield code="b">nc</subfield>
<subfield code="2">rdacarrier</subfield>
</datafield>
<datafield tag="490" ind1="1" ind2=" ">
<subfield code="6">880-04</subfield>
<subfield code="a">Nuṣūṣ wa-tarjamāt ;</subfield>
<subfield code="v">al-mujallad 18</subfield>
</datafield>
<datafield tag="490" ind1="1" ind2=" ">
<subfield code="6">880-05</subfield>
<subfield code="a">Anṣārīyāt.</subfield>
<subfield code="a">al-silsilah 1. ;</subfield>
<subfield code="v">al-kitāb 2</subfield>
</datafield>
<datafield tag="500" ind1=" " ind2=" ">
<subfield code="a">Introd. also in French.</subfield>
</datafield>
<datafield tag="500" ind1=" " ind2=" ">
<subfield code="a">Title on added t.p.: Commentaire du Livre des étapes.</subfield>
</datafield>
<datafield tag="504" ind1=" " ind2=" ">
<subfield code="a">Includes bibliographical references and indexes.</subfield>
</datafield>
<datafield tag="600" ind1="1" ind2="0">
<subfield code="6">880-06</subfield>
<subfield code="a">Anṣārī al-Harawī, ʻAbd Allāh ibn Muḥammad,</subfield>
<subfield code="d">1006-1089.</subfield>
<subfield code="t">Manāzil al-sāʼirīn.</subfield>
</datafield>
<datafield tag="650" ind1=" " ind2="0">
<subfield code="a">Mysticism</subfield>
<subfield code="x">Islam</subfield>
<subfield code="v">Early works to 1800.</subfield>
</datafield>
<datafield tag="650" ind1=" " ind2="0">
<subfield code="a">Sufism</subfield>
<subfield code="v">Early works to 1800.</subfield>
</datafield>
<datafield tag="630" ind1="0" ind2="7">
<subfield code="a">Manāzil al-sāʼirīn (Anṣārī al-Harawī, ʻAbd Allāh ibn Muḥammad)</subfield>
<subfield code="2">fast</subfield>
<subfield code="0">(OCoLC)fst01369532</subfield>
</datafield>
<datafield tag="650" ind1=" " ind2="7">
<subfield code="a">Mysticism</subfield>
<subfield code="x">Islam.</subfield>
<subfield code="2">fast</subfield>
<subfield code="0">(OCoLC)fst01031643</subfield>
</datafield>
<datafield tag="650" ind1=" " ind2="7">
<subfield code="a">Sufism.</subfield>
<subfield code="2">fast</subfield>
<subfield code="0">(OCoLC)fst01137257</subfield>
</datafield>
<datafield tag="655" ind1=" " ind2="7">
<subfield code="a">Early works.</subfield>
<subfield code="2">fast</subfield>
<subfield code="0">(OCoLC)fst01411636</subfield>
</datafield>
<datafield tag="700" ind1="1" ind2=" ">
<subfield code="a">Beaureceuil, Serge de,</subfield>
<subfield code="d">1917-</subfield>
</datafield>
<datafield tag="700" ind1="1" ind2="2">
<subfield code="6">880-07</subfield>
<subfield code="a">Anṣārī al-Harawī, ʻAbd Allāh ibn Muḥammad,</subfield>
<subfield code="d">1006-1089.</subfield>
<subfield code="t">Manāzil al-sāʼirīn.</subfield>
</datafield>
<datafield tag="776" ind1="0" ind2="8">
<subfield code="i">Online version:</subfield>
<subfield code="a">ʻAbd al-Muʻṭī ibn Maḥmūd ibn ʻAbd ʻAlī al-Lakhmī al-Iskandarānī, 13th cent.</subfield>
<subfield code="t">Sharḥ Manāzil al-sāʼirīn.</subfield>
<subfield code="d">al-Qāhirah : al-Maʻhad al-ʻIlmī al-Faransī lil-Āthār al-Sharqīyah, 1954</subfield>
<subfield code="w">(OCoLC)551261972</subfield>
</datafield>
<datafield tag="880" ind1="1" ind2=" ">
<subfield code="6">100-01/</subfield>
<subfield code="a">‏اسكندري، عبد المعطي بن محمود،‏,</subfield>
<subfield code="d">‏‪41 or 1240-8 or 1167‬.</subfield>
</datafield>
<datafield tag="880" ind1="1" ind2="0">
<subfield code="6">245-02/</subfield>
<subfield code="a">‏شرح منازل السائرين /‏</subfield>
<subfield code="c">‏لسديد الدين أبي محمد عبد المعطي بن أبي الثناء محمود بن عبد المعطي اللخمي الاسكندري ؛ حققه وقدم له س. دي لوجييه دي بوركي الدومنكي.</subfield>
</datafield>
<datafield tag="880" ind1=" " ind2=" ">
<subfield code="6">260-03/</subfield>
<subfield code="a">‏القاهرة :‏</subfield>
<subfield code="b">‏المعهد العلمي الفرنسي للآثار الشرقية،‏</subfield>
<subfield code="c">‏1954.</subfield>
</datafield>
<datafield tag="880" ind1="1" ind2=" ">
<subfield code="6">490-04/</subfield>
<subfield code="a">‏نصوص وترجمات ؛‏</subfield>
<subfield code="v">‏المجلد 18</subfield>
</datafield>
<datafield tag="880" ind1="1" ind2=" ">
<subfield code="6">490-05/</subfield>
<subfield code="a">انصاريات.</subfield>
<subfield code="a">السلسلة 1. ؛</subfield>
<subfield code="v">الكتاب 2</subfield>
</datafield>
<datafield tag="880" ind1="1" ind2="4">
<subfield code="6">600-06/</subfield>
<subfield code="a">‏أنصاري الهروي، عبد الله بن محمد،‏,</subfield>
<subfield code="d">‏‪1089-1006‬.‏.</subfield>
<subfield code="t">‏منازل السائرين.</subfield>
</datafield>
<datafield tag="880" ind1="1" ind2="2">
<subfield code="6">700-07/</subfield>
<subfield code="a">‏أنصاري الهروي، عبد الله بن محمد،‏,</subfield>
<subfield code="d">‏‪1089-1006‬.‏.</subfield>
<subfield code="t">‏منازل السائرين.</subfield>
</datafield>
<datafield tag="830" ind1=" " ind2="0">
<subfield code="a">Textes et traductions d'auteurs orientaux ;</subfield>
<subfield code="v">t. 18.</subfield>
</datafield>
<datafield tag="800" ind1="1" ind2=" ">
<subfield code="6">880-08</subfield>
<subfield code="a">Anṣārī al-Harawī, ʻAbd Allāh ibn Muḥammad,</subfield>
<subfield code="d">1006-1089.</subfield>
<subfield code="t">Anṣārīyāt.</subfield>
<subfield code="n">al-Silsilah 1 ;</subfield>
<subfield code="v">al-kitāb 2.</subfield>
</datafield>
<datafield tag="880" ind1="1" ind2=" ">
<subfield code="6">800-08/</subfield>
<subfield code="a">انصاري الهروي، عبد الله بن محمد،</subfield>
<subfield code="d">10061089.</subfield>
<subfield code="t">انصاريات.</subfield>
<subfield code="n">السلسلة 1 ؛</subfield>
<subfield code="v">الكتاب 2.</subfield>
</datafield>
<datafield tag="OWN" ind1=" " ind2=" ">
<subfield code="a">GENERAL</subfield>
</datafield>
<datafield tag="AVA" ind1=" " ind2=" ">
<subfield code="a">NYU50</subfield>
<subfield code="b">BOBST</subfield>
<subfield code="c">Main Collection</subfield>
<subfield code="d">BP189 .A6632 1954</subfield>
<subfield code="e">unavailable</subfield>
<subfield code="t">Unavailable</subfield>
<subfield code="f">1</subfield>
<subfield code="g">1</subfield>
<subfield code="h">N</subfield>
<subfield code="i">0</subfield>
<subfield code="j">MAIN</subfield>
<subfield code="k">0</subfield>
</datafield>
</record>
